<record><leader>00000cas a22000007a 4500</leader><controlfield tag="001">9741618</controlfield><controlfield tag="008">830726d18661892nyuwr ne      0    0eng d</controlfield><controlfield tag="009">3781</controlfield><datafield ind1=" " ind2=" " tag="010"><subfield code="a">sn 83031013 </subfield></datafield><datafield ind1=" " ind2=" " tag="040"><subfield code="a">NPU</subfield><subfield code="b">eng</subfield><subfield code="c">NPU</subfield><subfield code="d">NPX</subfield><subfield code="d">NYG</subfield><subfield code="d">NYS</subfield><subfield code="d">OCLCQ</subfield><subfield code="d">KRTAS</subfield></datafield><datafield ind1="1" ind2=" " tag="029"><subfield code="a">AU@</subfield><subfield code="b">000025829835</subfield></datafield><datafield ind1=" " ind2=" " tag="042"><subfield code="a">msc</subfield></datafield><datafield ind1="0" ind2=" " tag="130"><subfield code="a">Weekly recorder (Fayetteville, N.Y.)</subfield></datafield><datafield ind1="0" ind2="4" tag="245"><subfield code="a">The weekly recorder.</subfield></datafield><datafield ind1=" " ind2=" " tag="260"><subfield code="a">Fayetteville, N.Y. :</subfield><subfield code="b">F.A. Darling</subfield></datafield><datafield ind1=" " ind2=" " tag="300"><subfield code="a">v. ;</subfield><subfield code="c">67 cm.</subfield></datafield><datafield ind1=" " ind2=" " tag="310"><subfield code="a">Weekly</subfield></datafield><datafield ind1="0" ind2=" " tag="362"><subfield code="a">Vol. 1, no. 1 (July 5, 1866)-v. 27, no. 26 (Dec. 1, 1892).</subfield></datafield><datafield ind1=" " ind2=" " tag="500"><subfield code="a">Publishers: F.A. Darling, 1866-&lt;1873&gt;; Recorder Print. Joint Stock Assn., &lt;1875-1876&gt;; Fayetteville Pub. Co., &lt;1887-1888&gt;; Recorder Pub. Co., &lt;1892&gt;.</subfield></datafield><datafield ind1=" " ind2=" " tag="500"><subfield code="a">Editor: B.R. Ketcheson, &lt;1876&gt;.</subfield></datafield><datafield ind1=" " ind2=" " tag="580"><subfield code="a">Daily ed.: Recorder (Fayetteville, N.Y.).</subfield></datafield><datafield ind1=" " ind2="4" tag="651"><subfield code="a">Fayetteville (N.Y.)</subfield><subfield code="v">Newspapers.</subfield></datafield><datafield ind1=" " ind2="4" tag="651"><subfield code="a">Onondaga County (N.Y.)</subfield><subfield code="v">Newspapers.</subfield></datafield><datafield ind1=" " ind2=" " tag="752"><subfield code="a">United States</subfield><subfield code="b">New York</subfield><subfield code="c">Onondaga</subfield><subfield code="d">Fayetteville.</subfield></datafield><datafield ind1="1" ind2=" " tag="775"><subfield code="t">Recorder (Fayetteville, N.Y.)</subfield><subfield code="w">(DLC)sn 92061759</subfield></datafield><datafield ind1="0" ind2="0" tag="785"><subfield code="t">Fayetteville recorder</subfield><subfield code="w">(DLC)sn 84031130</subfield></datafield><datafield ind1=" " ind2=" " tag="938"><subfield code="a">Kirtas Technologies, Inc.</subfield><subfield code="b">KRTS</subfield><subfield code="n">737172</subfield></datafield></record>